@inproceedings{wjazz,
  title={Introducing the Jazzomat project-Jazz solo analysis using Music Information Retrieval methods},
  author={Abe{\ss}er, Jakob and Frieler, Klaus and Pfleiderer, Martin and Zaddach, Wolf-Georg},
  booktitle={Proceedings of the 10th International Symposium on Computer Music Multidisciplinary Research (CMMR) Sound, Music and Motion, Marseille, France},
  pages={187--192},
  year={2013}
}

@inproceedings{sv,
  title={Sonic visualiser: An open source application for viewing, analysing, and annotating music audio files},
  author={Cannam, Chris and Landone, Christian and Sandler, Mark},
  booktitle={Proceedings of the 18th ACM international conference on Multimedia},
  pages={1467--1468},
  year={2010},
  organization={ACM}
}

@inproceedings{mysong,
  title={MySong: automatic accompaniment generation for vocal melodies},
  author={Simon, Ian and Morris, Dan and Basu, Sumit},
  booktitle={Proceedings of the SIGCHI Conference on Human Factors in Computing Systems},
  pages={725--734},
  year={2008},
  organization={ACM}
}

@inproceedings{mel,
  title={Introducing the Jazzomat project and the MeloPy library},
  author={Frieler, Klaus and Abe{\ss}er, Jakob and Zaddach, Wolf-Georg and Pfleiderer, Martin},
  booktitle={Proceedings of the Third International Workshop on Folk Music Analysis, Meertens Institute and Utrecht University Department of Information and Computing Sciences},
  pages={76--78},
  year={2013}
}

@inproceedings{struct,
  title={Using Musical Structure to Enhance Automatic Chord Transcription.},
  author={Mauch, Matthias and Noland, Katy and Dixon, Simon},
  booktitle={ISMIR},
  pages={231--236},
  year={2009}
}

@Book{jur,
  title={Speech and language processing},
  author={Jurafsky, Daniel and Martin, James H},
  journal={International Edition},
  year={2000}
}

@inproceedings{ccg,
  title={Statistical parsing for harmonic analysis of jazz chord sequences},
  author={Granroth-Wilding, Mark and Steedman, Mark},
  year={2012},
  publisher={Ann Arbor, MI: Michigan Publishing, University of Michigan Library}
}

@inproceedings{rnn,
  title={Recurrent neural network based language model.},
  author={Mikolov, Tomas and Karafi{\'a}t, Martin and Burget, Lukas and Cernock{\`y}, Jan and Khudanpur, Sanjeev},
  booktitle={INTERSPEECH},
  volume={2},
  pages={3},
  year={2010}
}

@article{winograd1968linguistics,
  title={Linguistics and the computer analysis of tonal harmony},
  author={Winograd, Terry},
  journal={journal of Music Theory},
  volume={12},
  number={1},
  pages={2--49},
  year={1968},
  publisher={JSTOR}
}

@article{russell2002artificial,
  title={Artificial intelligence: a modern approach (International Edition)},
  author={Russell, Stuart J and Norvig, Peter},
  year={2002},
  publisher={$\{$Pearson US Imports \& PHIPEs$\}$}
}

@inproceedings{smoliar1979computer,
  title={A computer aid for Schenkerian analysis},
  author={Smoliar, Stephen W},
  booktitle={Proceedings of the 1979 annual conference},
  pages={110--115},
  year={1979},
  organization={ACM}
}

@article{laden1989representation,
  title={The representation of pitch in a neural net model of chord classification},
  author={Laden, Bernice and Keefe, Douglas H},
  journal={Computer Music Journal},
  volume={13},
  number={4},
  pages={12--26},
  year={1989},
  publisher={JSTOR}
}

@article{ebciouglu1990expert,
  title={An expert system for harmonizing chorales in the style of JS Bach},
  author={Ebcio{\u{g}}lu, Kemal},
  journal={The Journal of Logic Programming},
  volume={8},
  number={1-2},
  pages={145--185},
  year={1990},
  publisher={Elsevier}
}

@misc{maxwell1992expert,
  title={An expert system for harmonizing analysis of tonal music, Understanding music with AI: perspectives on music cognition},
  author={Maxwell, H John},
  year={1992},
  publisher={MIT Press, Cambridge, MA}
}

@article{widmer1992qualitative,
  title={Qualitative perception modeling and intelligent musical learning},
  author={Widmer, Gerhard},
  journal={Computer Music Journal},
  volume={16},
  number={2},
  pages={51--68},
  year={1992},
  publisher={JSTOR}
}

@article{smaill1993hierarchical,
  title={Hierarchical music representation for composition and analysis},
  author={Smaill, Alan and Wiggins, Geraint and Harris, Mitch},
  journal={Computers and the Humanities},
  volume={27},
  number={1},
  pages={7--17},
  year={1993},
  publisher={Springer}
}

@article{taube1999automatic,
  title={Automatic tonal analysis: Toward the implementation of a music theory workbench},
  author={Taube, Heinrich},
  journal={Computer Music Journal},
  volume={23},
  number={4},
  pages={18--32},
  year={1999},
  publisher={MIT Press}
}

@article{forte1967syntax,
  title={Syntax-based analytic reading of musical scores},
  author={Forte, Allen},
  year={1967}
}

@article{lees1957syntactic,
  title={Syntactic Structures},
  author={Lees, Robert B and Chomsky, N},
  journal={Language},
  volume={33},
  number={3  Part 1},
  pages={375--408},
  year={1957}
}

@book{forte1962tonal,
  title={Tonal harmony in concept and practice},
  author={Forte, Allen},
  year={1962},
  publisher={Holt, Rinehart and Winston}
}

@book{schenker1979harmony,
  title={Harmony},
  author={Schenker, Heinrich},
  volume={1},
  year={1979},
  publisher={University of Chicago Press}
}
@article{pardo2002algorithms,
  title={Algorithms for chordal analysis},
  author={Pardo, Bryan and Birmingham, William P},
  journal={Computer Music Journal},
  volume={26},
  number={2},
  pages={27--49},
  year={2002},
  publisher={MIT Press}
}

@inproceedings{oudre2009template,
  title={Template-based Chord Recognition: Influence of the Chord Types.},
  author={Oudre, Laurent and Grenier, Yves and F{\'e}votte, C{\'e}dric},
  booktitle={ISMIR},
  pages={153--158},
  year={2009}
}

@article{oudre2011probabilistic,
  title={Probabilistic template-based chord recognition},
  author={Oudre, Laurent and F{\'e}votte, C{\'e}dric and Grenier, Yves},
  journal={Audio, Speech, and Language Processing, IEEE Transactions on},
  volume={19},
  number={8},
  pages={2249--2259},
  year={2011},
  publisher={IEEE}
}

@article{allan2005harmonising,
  title={Harmonising chorales by probabilistic inference},
  author={Allan, Moray and Williams, Christopher KI},
  journal={Advances in neural information processing systems},
  volume={17},
  pages={25--32},
  year={2005}
}

@inproceedings{lee2004ring,
  title={i-Ring: A system for humming transcription and chord generation},
  author={Lee, Hong-Ru and Jang, JS Roger},
  booktitle={Multimedia and Expo, 2004. ICME'04. 2004 IEEE International Conference on},
  volume={2},
  pages={1031--1034},
  year={2004},
  organization={IEEE}
}

@article{illescas2007harmonic,
  title={Harmonic, melodic, and functional automatic analysis},
  author={Illescas, Pl{\'a}cido R and Rizo, David and Inesta, Jos{\'e} M},
  journal={Proceedings of the 2007 International Computer Music Conferrence},
  volume={1},
  pages={165--168},
  year={2007},
  publisher={Citeseer}
}

@article{ryynanen2008automatic,
  title={Automatic transcription of melody, bass line, and chords in polyphonic music},
  author={Ryyn{\"a}nen, Matti P and Klapuri, Anssi P},
  journal={Computer Music Journal},
  volume={32},
  number={3},
  pages={72--86},
  year={2008},
  publisher={MIT Press}
}

@inproceedings{chuan2007hybrid,
  title={A hybrid system for automatic generation of style-specific accompaniment},
  author={Chuan, Ching-Hua and Chew, Elaine},
  booktitle={Proceedings of the 4th International Joint Workshop on Computational Creativity},
  pages={57--64},
  year={2007},
  organization={Citeseer}
}

@inproceedings{frieler2007visualizing,
  title={Visualizing Music on the Metrical Circle.},
  author={Frieler, Klaus},
  booktitle={ISMIR},
  pages={291--292},
  year={2007}
}

@article{granroth2014robust,
  title={A robust parser-interpreter for jazz chord sequences},
  author={Granroth-Wilding, Mark and Steedman, Mark},
  journal={Journal of New Music Research},
  volume={43},
  number={4},
  pages={355--374},
  year={2014},
  publisher={Taylor \& Francis}
}

@inproceedings{cutting1992practical,
  title={A practical part-of-speech tagger},
  author={Cutting, Doug and Kupiec, Julian and Pedersen, Jan and Sibun, Penelope},
  booktitle={Proceedings of the third conference on Applied natural language processing},
  pages={133--140},
  year={1992},
  organization={Association for Computational Linguistics}
}

@article{pedregosa2011scikit,
  title={Scikit-learn: Machine learning in Python},
  author={Pedregosa, Fabian and Varoquaux, Ga{\"e}l and Gramfort, Alexandre and Michel, Vincent and Thirion, Bertrand and Grisel, Olivier and Blondel, Mathieu and Prettenhofer, Peter and Weiss, Ron and Dubourg, Vincent and others},
  journal={The Journal of Machine Learning Research},
  volume={12},
  pages={2825--2830},
  year={2011},
  publisher={JMLR. org}
}

@inproceedings{huang2003comparing,
  title={Comparing naive Bayes, decision trees, and SVM with AUC and accuracy},
  author={Huang, Jin and Lu, Jingjing and Ling, Charles X},
  booktitle={Data Mining, 2003. ICDM 2003. Third IEEE International Conference on},
  pages={553--556},
  year={2003},
  organization={IEEE}
}

@article{cortes1995support,
  title={Support-vector networks},
  author={Cortes, Corinna and Vapnik, Vladimir},
  journal={Machine learning},
  volume={20},
  number={3},
  pages={273--297},
  year={1995},
  publisher={Springer}
}

@article{baum1970maximization,
  title={A maximization technique occurring in the statistical analysis of probabilistic functions of Markov chains},
  author={Baum, Leonard E and Petrie, Ted and Soules, George and Weiss, Norman},
  journal={The annals of mathematical statistics},
  volume={41},
  number={1},
  pages={164--171},
  year={1970},
  publisher={JSTOR}
}

@book{dylan1975blood,
  title={Blood on the Tracks},
  author={Dylan, Bob},
  year={1975},
  publisher={Ram's Horn music}
}

@book{cohen2007songs,
  title={Songs from a Room},
  author={Cohen, Leonard},
  year={1969},
  publisher={Song BMG Music Entertainment}
}

@book{regener1973pitch,
  title={Pitch notation and equal temperament: A formal study},
  author={Regener, Eric},
  volume={6},
  year={1973},
  publisher={University of California Press}
}

@article{kupiec1992robust,
  title={Robust part-of-speech tagging using a hidden Markov model},
  author={Kupiec, Julian},
  journal={Computer Speech \& Language},
  volume={6},
  number={3},
  pages={225--242},
  year={1992},
  publisher={Elsevier}
}

@article{cohen2008music,
    title={Music: A universal language},
      author={Cohen, Cynthia},
        journal={Music and conflict transformation. Harmonies and dissonances in geopolitics},
          pages={26--39},
            year={2008}
}

@article{li2008assembly,
    title={Assembly, configuration, and break-up history of Rodinia: a synthesis},
      author={Li, Zheng-Xiang and Bogdanova, SV and Collins, AS and Davidson, Anthony and De Waele, Bert and Ernst, RE and Fitzsimons, ICW and Fuck, RA and Gladkochub, DP and Jacobs, J and others},
        journal={Precambrian research},
          volume={160},
            number={1},
              pages={179--210},
                year={2008},
                  publisher={Elsevier}
}

@inproceedings{deng2010binary,
    title={Binary coding of speech spectrograms using a deep auto-encoder.},
      author={Deng, Li and Seltzer, Michael L and Yu, Dong and Acero, Alex and Mohamed, Abdel-rahman and Hinton, Geoffrey E},
        booktitle={Interspeech},
          pages={1692--1695},
            year={2010},
              organization={Citeseer}
}

@article{hinton2006reducing,
    title={Reducing the dimensionality of data with neural networks},
      author={Hinton, Geoffrey E and Salakhutdinov, Ruslan R},
        journal={science},
          volume={313},
            number={5786},
              pages={504--507},
                year={2006},
                  publisher={American Association for the Advancement of Science}
}

@inproceedings{vincent2008extracting,
    title={Extracting and composing robust features with denoising autoencoders},
      author={Vincent, Pascal and Larochelle, Hugo and Bengio, Yoshua and Manzagol, Pierre-Antoine},
        booktitle={Proceedings of the 25th international conference on Machine learning},
          pages={1096--1103},
            year={2008},
              organization={ACM}
}

@inproceedings{krizhevsky2012imagenet,
    title={Imagenet classification with deep convolutional neural networks},
      author={Krizhevsky, Alex and Sutskever, Ilya and Hinton, Geoffrey E},
        booktitle={Advances in neural information processing systems},
          pages={1097--1105},
            year={2012}
}

@article{oh2004gpu,
    title={GPU implementation of neural networks},
      author={Oh, Kyoung-Su and Jung, Keechul},
        journal={Pattern Recognition},
          volume={37},
            number={6},
              pages={1311--1314},
                year={2004},
                  publisher={Elsevier}
}

@article{hebb1949first,
    title={The first stage of perception: Growth of the assembly},
      author={Hebb, Donald O},
        journal={The Organization of Behavior},
          pages={60--78},
            year={1949},
              publisher={Wiley, New York}
}

@article{rosenblatt1958perceptron,
    title={The perceptron: A probabilistic model for information storage and organization in the brain.},
      author={Rosenblatt, Frank},
        journal={Psychological review},
          volume={65},
            number={6},
              pages={386},
                year={1958},
                  publisher={American Psychological Association}
}

@article{minsky1969perceptrons,
    title={Perceptrons.},
      author={Minsky, Marvin and Papert, Seymour},
        year={1969},
          publisher={MIT press}
}

@article{cybenko1989approximation,
    title={Approximation by superpositions of a sigmoidal function},
      author={Cybenko, George},
        journal={Mathematics of Control, Signals, and Systems (MCSS)},
          volume={2},
            number={4},
              pages={303--314},
                year={1989},
                  publisher={Springer}
}

@article{hornik1989multilayer,
    title={Multilayer feedforward networks are universal approximators},
      author={Hornik, Kurt and Stinchcombe, Maxwell and White, Halbert},
        journal={Neural networks},
          volume={2},
            number={5},
              pages={359--366},
                year={1989},
                  publisher={Elsevier}
}

@article{uziela2017proq3d,
    title={ProQ3D: Improved model quality assessments using Deep Learning},
      author={Uziela, Karolis and Hurtado, David Men{\'e}ndez and Shu, Nanjiang and Wallner, Bj{\"o}rn and Elofsson, Arne},
        journal={Bioinformatics},
          pages={btw819},
            year={2017},
              publisher={Oxford Univ Press}
}

@phdthesis{werbos_1974, title={Beyond Regression: New Tools for Prediction and Analysis in the Behavioral Sciences.}, author={Werbos, P}, year={1974}}

@inproceedings{kruger2003linear,
    title={Linear algebra operators for GPU implementation of numerical algorithms},
      author={Kr{\"u}ger, Jens and Westermann, R{\"u}diger},
        booktitle={ACM Transactions on Graphics (TOG)},
          volume={22},
            number={3},
              pages={908--916},
                year={2003},
                  organization={ACM}
}

@article{werbos1990backpropagation,
    title={Backpropagation through time: what it does and how to do it},
      author={Werbos, Paul J},
        journal={Proceedings of the IEEE},
          volume={78},
            number={10},
              pages={1550--1560},
                year={1990},
                  publisher={IEEE}
}

@article{hochreiter1998vanishing,
    title={The vanishing gradient problem during learning recurrent neural nets and problem solutions},
      author={Hochreiter, Sepp},
        journal={International Journal of Uncertainty, Fuzziness and Knowledge-Based Systems},
          volume={6},
            number={02},
              pages={107--116},
                year={1998},
                  publisher={World Scientific}
}

@article{hochreiter1997long,
    title={Long short-term memory},
      author={Hochreiter, Sepp and Schmidhuber, J{\"u}rgen},
        journal={Neural computation},
          volume={9},
            number={8},
              pages={1735--1780},
                year={1997},
                  publisher={MIT Press}
}

@misc{olah_2015, title={Understanding LSTM Networks}, howpublished="\url{http://colah.github.io/posts/2015-08-Understanding-LSTMs/}", journal={Understanding LSTM Networks -- colah's blog}, author={Olah, C.}, year={2015}, month={Aug}}

@article{eck2008learning,
    title={Learning musical structure directly from sequences of music},
      author={Eck, Douglas and Lapalme, Jasmin},
        journal={University of Montreal, Department of Computer Science, CP},
          volume={6128},
            year={2008}
}

@inproceedings{sundermeyer2012lstm,
    title={LSTM Neural Networks for Language Modeling.},
      author={Sundermeyer, Martin and Schl{\"u}ter, Ralf and Ney, Hermann},
        booktitle={Interspeech},
          pages={194--197},
            year={2012}
}

@article{pichotta2016using,
    title={Using sentence-level LSTM language models for script inference},
      author={Pichotta, Karl and Mooney, Raymond J},
        journal={arXiv preprint arXiv:1604.02993},
          year={2016}
}

@inproceedings{han2017ese,
    title={ESE: Efficient Speech Recognition Engine with Sparse LSTM on FPGA},
      author={Han, Song and Kang, Junlong and Mao, Huizi and Hu, Yiming and Li, Xin and Li, Yubin and Xie, Dongliang and Luo, Hong and Yao, Song and Wang, Yu and others},
        booktitle={Proceedings of the 2017 ACM/SIGDA International Symposium on Field-Programmable Gate Arrays},
          pages={75--84},
            year={2017},
              organization={ACM}
}

@article{greff2016lstm,
    title={LSTM: A search space odyssey},
      author={Greff, Klaus and Srivastava, Rupesh K and Koutn{\'\i}k, Jan and Steunebrink, Bas R and Schmidhuber, J{\"u}rgen},
        journal={IEEE transactions on neural networks and learning systems},
          year={2016},
            publisher={IEEE}
}

@article{wen2016multi,
    title={Multi-domain neural network language generation for spoken dialogue systems},
      author={Wen, Tsung-Hsien and Gasic, Milica and Mrksic, Nikola and Rojas-Barahona, Lina M and Su, Pei-Hao and Vandyke, David and Young, Steve},
        journal={arXiv preprint arXiv:1603.01232},
          year={2016}
}

@misc{lebedev_2015, title={hmmlearn}, howpublished="\url{https://github.com/hmmlearn/hmmlearn}", journal={hmmlearn}, publisher={Github}, author={Lebedev, S}, year={2015}, month={Feb}}
Hidden Markov Models in Python, with scikit-learn like API

@misc{buitinck, title={seqlearn}, howpublished="\url{http://larsmans.github.io/seqlearn/}", journal={seqlearn: sequence classification library for Python}, publisher={Github}, author={Buitinck, L}, year={2013}}

@article{forney1973viterbi,
    title={The viterbi algorithm},
      author={Forney, G David},
        journal={Proceedings of the IEEE},
          volume={61},
            number={3},
              pages={268--278},
                year={1973},
                  publisher={IEEE}
}

@article{moon1996expectation,
    title={The expectation-maximization algorithm},
      author={Moon, Todd K},
        journal={IEEE Signal processing magazine},
          volume={13},
            number={6},
              pages={47--60},
                year={1996},
                  publisher={IEEE}
}

@misc{rockyb_2015, title={TimeComplexity Python Wiki}, howpublished="\url{https://wiki.python.org/moin/TimeComplexity}", journal={TimeComplexity Python Wiki}, publisher={python.org}, author={rockyb}, year={2015}, month={Jun}}

@misc{numpy_2005, title={NumPy}, howpublished="\url{http://www.numpy.org/}", journal={NumPy}, author={NumPy}, year={2005}}

@article{krumhansl1982perceived,
    title={Perceived harmonic structure of chords in three related musical keys.},
      author={Krumhansl, Carol L and Bharucha, Jamshed J and Kessler, Edward J},
        journal={Journal of Experimental Psychology: Human Perception and Performance},
          volume={8},
            number={1},
              pages={24},
                year={1982},
                  publisher={American Psychological Association}
}

@book{piston1948harmony,
    title={Harmony},
      author={Piston, Walter},
        year={1948},
          publisher={Norton}
}

@inproceedings{rohrmeier2007generative,
    title={A generative grammar approach to diatonic harmonic structure},
      author={Rohrmeier, Martin},
        booktitle={Proceedings of the 4th sound and music computing conference},
          pages={97--100},
            year={2007}
}

@article{schmidhuber2002learning,
    title={Learning nonregular languages: A comparison of simple recurrent networks and LSTM},
      author={Schmidhuber, J{\"u}rgen and Gers, F and Eck, Douglas},
        journal={Neural Computation},
          volume={14},
            number={9},
              pages={2039--2041},
                year={2002},
                  publisher={MIT Press}
}

@misc{tensorflow2015-whitepaper,
  title={ {TensorFlow}: Large-Scale Machine Learning on Heterogeneous Systems},
  url={http://tensorflow.org/},
  note={Software available from tensorflow.org},
  author={
        Mart\'{\i}n~Abadi and
              Ashish~Agarwal and
                  Paul~Barham and
                      Eugene~Brevdo and
                          Zhifeng~Chen and
                              Craig~Citro and
                                  Greg~S.~Corrado and
                                      Andy~Davis and
                                          Jeffrey~Dean and
                                              Matthieu~Devin and
                                                  Sanjay~Ghemawat and
                                                      Ian~Goodfellow and
                                                          Andrew~Harp and
                                                              Geoffrey~Irving and
                                                                  Michael~Isard and
                                                                      Yangqing Jia and
                                                                          Rafal~Jozefowicz and
                                                                              Lukasz~Kaiser and
                                                                                  Manjunath~Kudlur and
                                                                                      Josh~Levenberg and
                                                                                          Dan~Man\'{e} and
                                                                                              Rajat~Monga and
                                                                                                  Sherry~Moore and
                                                                                                      Derek~Murray and
                                                                                                          Chris~Olah and
                                                                                                              Mike~Schuster and
                                                                                                                  Jonathon~Shlens and
                                                                                                                      Benoit~Steiner and
                                                                                                                          Ilya~Sutskever and
                                                                                                                              Kunal~Talwar and
                                                                                                                                  Paul~Tucker and
                                                                                                                                      Vincent~Vanhoucke and
                                                                                                                                          Vijay~Vasudevan and
                                                                                                                                              Fernanda~Vi\'{e}gas and
                                                                                                                                                  Oriol~Vinyals and
                                                                                                                                                      Pete~Warden and
                                                                                                                                                          Martin~Wattenberg and
                                                                                                                                                              Martin~Wicke and
                                                                                                                                                                  Yuan~Yu and
                                                                                                                                                                      Xiaoqiang~Zheng},
    year={2015},
}

@misc{chollet2015,
  author = {François Chollet },
  title = {keras},
  year = {2015},
  publisher = {GitHub},
  journal = {GitHub repository},
  howpublished = {\url{https://github.com/fchollet/keras}},
  commit = {5bcac37}
}

@article{shore1980axiomatic,
    title={Axiomatic derivation of the principle of maximum entropy and the principle of minimum cross-entropy},
      author={Shore, John and Johnson, Rodney},
        journal={IEEE Transactions on information theory},
          volume={26},
            number={1},
              pages={26--37},
                year={1980},
                  publisher={IEEE}
}

@article{tieleman2012lecture,
    title={Lecture 6.5-rmsprop: Divide the gradient by a running average of its recent magnitude},
      author={Tieleman, Tijmen and Hinton, Geoffrey},
        journal={COURSERA: Neural networks for machine learning},
          volume={4},
            number={2},
              year={2012}
}

@misc{walker_2008, title={MIDICSV: Convert MIDI File to and from CSV}, howpublished="\url{http://www.fourmilab.ch/webtools/midicsv/}", journal={MIDICSV: Convert MIDI File to and from CSV}, author={Walker, John}, year={2008}, month={Jan}}

@inproceedings{burgoyne2011expert,
    title={An Expert Ground Truth Set for Audio Chord Recognition and Music Analysis.},
      author={Burgoyne, John Ashley and Wild, Jonathan and Fujinaga, Ichiro},
        booktitle={ISMIR},
          volume={11},
            pages={633--638},
              year={2011}
}

@inproceedings{digiorgi2013automatic, 
  title = {Automatic chord recognition based on the probabilistic modeling of diatonic modal harmony},
  author = {Di Giorgi, Bruno and Zanoni, Massimiliano and Sarti, Augusto and Tubaro, Stefano},
  booktitle = {Multidimensional Systems (nDS), 2013. Proceedings of the 8th International Workshop on},
  year = {2013},
  pages = {1-6},
  month = {Sept},
  howpublished = "\url{http://ieeexplore.ieee.org/document/6623838/}"
}

@article{turetsky2003ground,
    title={Ground-truth transcriptions of real music from force-aligned midi syntheses},
      author={Turetsky, Robert J and Ellis, Daniel PW},
        year={2003},
          publisher={Johns Hopkins University}
}

@article{MuellerKBA11_SMD_ISMIR-lateBreaking,
    author    = {Meinard M{\"u}ller and Verena Konz and Wolfgang Bogler and Vlora Arifi-M{\"u}ller},
      title     = {Saarland Music Data ({SMD})},
        booktitle = {Late-Breaking and Demo Session of the 12th International Conference on Music Information Retrieval ({ISMIR})},
          address   = {Miami, USA},
            year      = {2011},
              url-pdf   = {2011_MuellerKonzBoglerArifi_SaarlandMusicData_ISMIR-LateBreaking.pdf}
}

@book{mcafee, title={Automatic Harmonic Analysis of Jazz Melodies}, journal={Automatic Harmonic Analysis of Jazz Melodies}, author={McAfee, F}, year={2016}}

@article{zhang2010understanding,
    title={Understanding bag-of-words model: a statistical framework},
      author={Zhang, Yin and Jin, Rong and Zhou, Zhi-Hua},
        journal={International Journal of Machine Learning and Cybernetics},
          volume={1},
            number={1-4},
              pages={43--52},
                year={2010},
                  publisher={Springer}
}

@misc{kostka2009tonal,
    title={Tonal harmony, with an introduction to twentieth-century music . Me Graw-Hill Companies},
      author={Kostka, Stefan and Payne, Dorothy},
        year={2009},
          publisher={Inc}
}

@article{scikit-learn,
   title={Scikit-learn: Machine Learning in {P}ython},
    author={Pedregosa, F. and Varoquaux, G. and Gramfort, A. and Michel, V.
               and Thirion, B. and Grisel, O. and Blondel, M. and Prettenhofer, P.
                          and Weiss, R. and Dubourg, V. and Vanderplas, J. and Passos, A. and
                                   Cournapeau, D. and Brucher, M. and Perrot, M. and Duchesnay, E.},
     journal={Journal of Machine Learning Research},
      volume={12},
       pages={2825--2830},
        year={2011}
}

@inproceedings{sutskever2014sequence,
    title={Sequence to sequence learning with neural networks},
      author={Sutskever, Ilya and Vinyals, Oriol and Le, Quoc V},
        booktitle={Advances in neural information processing systems},
          pages={3104--3112},
            year={2014}
}

@article{luong2015multi,
    title={Multi-task sequence to sequence learning},
      author={Luong, Minh-Thang and Le, Quoc V and Sutskever, Ilya and Vinyals, Oriol and Kaiser, Lukasz},
        journal={arXiv preprint arXiv:1511.06114},
          year={2015}
}

@article{duvsek2016sequence,
    title={Sequence-to-Sequence Generation for Spoken Dialogue via Deep Syntax Trees and Strings},
      author={Du{\v{s}}ek, Ond{\v{r}}ej and Jur{\v{c}}{\'\i}{\v{c}}ek, Filip},
        journal={arXiv preprint arXiv:1606.05491},
          year={2016}
}

@article{srivastava2014dropout,
    title={Dropout: a simple way to prevent neural networks from overfitting.},
      author={Srivastava, Nitish and Hinton, Geoffrey E and Krizhevsky, Alex and Sutskever, Ilya and Salakhutdinov, Ruslan},
        journal={Journal of Machine Learning Research},
          volume={15},
            number={1},
              pages={1929--1958},
                year={2014}
}

@inproceedings{conklin2003music,
    title={Music generation from statistical models},
      author={Conklin, Darrell},
        booktitle={Proceedings of the AISB 2003 Symposium on Artificial Intelligence and Creativity in the Arts and Sciences},
          pages={30--35},
            year={2003},
              organization={Citeseer}
}

@book{nierhaus2009algorithmic,
    title={Algorithmic composition: paradigms of automated music generation},
      author={Nierhaus, Gerhard},
        year={2009},
          publisher={Springer Science \& Business Media}
}

@misc{inesta2016machine,
    title={Machine learning and music generation},
      author={I{\~n}esta, Jos{\'e} M and Conklin, Darrell and Ram{\'\i}rez, Rafael},
        year={2016},
          publisher={Taylor \& Francis}
}

@article{whorley2016music,
    title={Music generation from statistical models of harmony},
      author={Whorley, Raymond P and Conklin, Darrell},
        journal={Journal of New Music Research},
          volume={45},
            number={2},
              pages={160--183},
                year={2016},
                  publisher={Taylor \& Francis}
}
