@inproceedings{wjazz,
  title={Introducing the Jazzomat project-Jazz solo analysis using Music Information Retrieval methods},
  author={Abe{\ss}er, Jakob and Frieler, Klaus and Pfleiderer, Martin and Zaddach, Wolf-Georg},
  booktitle={Proceedings of the 10th International Symposium on Computer Music Multidisciplinary Research (CMMR) Sound, Music and Motion, Marseille, France},
  pages={187--192},
  year={2013}
}

@inproceedings{sv,
  title={Sonic visualiser: An open source application for viewing, analysing, and annotating music audio files},
  author={Cannam, Chris and Landone, Christian and Sandler, Mark},
  booktitle={Proceedings of the 18th ACM international conference on Multimedia},
  pages={1467--1468},
  year={2010},
  organization={ACM}
}

@inproceedings{mysong,
  title={MySong: automatic accompaniment generation for vocal melodies},
  author={Simon, Ian and Morris, Dan and Basu, Sumit},
  booktitle={Proceedings of the SIGCHI Conference on Human Factors in Computing Systems},
  pages={725--734},
  year={2008},
  organization={ACM}
}

@inproceedings{mel,
  title={Introducing the Jazzomat project and the MeloPy library},
  author={Frieler, Klaus and Abe{\ss}er, Jakob and Zaddach, Wolf-Georg and Pfleiderer, Martin},
  booktitle={Proceedings of the Third International Workshop on Folk Music Analysis, Meertens Institute and Utrecht University Department of Information and Computing Sciences},
  pages={76--78},
  year={2013}
}

@inproceedings{struct,
  title={Using Musical Structure to Enhance Automatic Chord Transcription.},
  author={Mauch, Matthias and Noland, Katy and Dixon, Simon},
  booktitle={ISMIR},
  pages={231--236},
  year={2009}
}

@book{jur,
  title={Speech and language processing},
  author={Martin, James H and Jurafsky, Daniel},
  journal={International Edition},
  year={2000}
}

@inproceedings{ccg,
  title={Statistical parsing for harmonic analysis of jazz chord sequences},
  author={Granroth-Wilding, Mark and Steedman, Mark},
  year={2012},
  publisher={Ann Arbor, MI: Michigan Publishing, University of Michigan Library}
}

@inproceedings{rnn,
  title={Recurrent neural network based language model.},
  author={Mikolov, Tomas and Karafi{\'a}t, Martin and Burget, Lukas and Cernock{\`y}, Jan and Khudanpur, Sanjeev},
  booktitle={INTERSPEECH},
  volume={2},
  pages={3},
  year={2010}
}